@article{AR-NSdSDLG-NPE-H:2011,
author = {Andrade, Roberto F. S. AND Rocha-Neto, Ivan C. AND Santos, Leonardo B. L. AND de Santana, Charles N. AND Diniz, Marcelo V. C. AND Lobão, Thierry Petit AND Goés-Neto, Aristóteles AND Pinho, Suani T. R. AND El-Hani, Charbel N.},
journal = {PLOS Computational Biology},
publisher = {Public Library of Science},
title = {Detecting Network Communities: An Application to Phylogenetic Analysis},
year = {2011},
month = {05},
volume = {7},
pages = {1-13},
number = {5},
doi = {10.1371/journal.pcbi.1001131},
}


@article{Fortunato:2010,
author = {Fortunato, Santo},
biburl = {http://www.bibsonomy.org/bibtex/26901b5b9592c67a121ad6fd297aaa91e/folke},
description = {ScienceDirect - Physics Reports : Community detection in graphs},
doi = {DOI: 10.1016/j.physrep.2009.11.002},
interhash = {9f6089e942903fc65309f77744c88109},
intrahash = {6901b5b9592c67a121ad6fd297aaa91e},
issn = {0370-1573},
journal = {Physics Reports},
keywords = {community detection survey toread},
number = {3--5},
pages = {75 -- 174},
timestamp = {2010-02-24T15:36:57.000+0100},
title = {Community detection in graphs},
url = {http://www.sciencedirect.com/science/articleB6TVP-4XPYXF1-1/2/99061fac6435db4343b2374d26e64ac1},
volume = {486},
year = {2010}
}


@article{GSAGD:2015,
author = {Gori, Kevin and Suchan, Tomasz and Alvarez, Nadir and Goldman, Nick and Dessimoz, Christophe},
title = {Clustering Genes of Common Evolutionary History},
journal = {Molecular Biology and Evolution},
volume = {33},
number = {6},
pages = {1590},
year = {2016},
doi = {10.1093/molbev/msw038},
}


@article{HHJA:2005,
author = {Hillis, David M. and Heath, Tracy A. and John, Katherine St. and Anderson, Frank},
title = {Analysis and Visualization of Tree Space},
journal = {Systematic Biology},
volume = {54},
number = {3},
pages = {471},
year = {2005},
doi = {10.1080/10635150590946961},
}


@article{LM:2016,
author = {Lewitus, Eric and Morlon, Helene},
title = {Characterizing and Comparing Phylogenies from their Laplacian Spectrum},
journal = {Systematic Biology},
volume = {65},
number = {3},
pages = {495},
year = {2016},
doi = {10.1093/sysbio/syv116},
}


@article{RB:2006,
title = {Statistical mechanics of community detection},
author = {Reichardt, J\"org and Bornholdt, Stefan},
journal = {Phys. Rev. E},
volume = {74},
issue = {1},
pages = {217 -- 224},
year = {2006},
publisher = {American Physical Society},
doi = {10.1103/PhysRevE.74.016110},
}


@article{RAK:2007,
  title = {Near linear time algorithm to detect community structures in large-scale networks},
  author = {Raghavan, Usha Nandini and Albert, R\'eka and Kumara, Soundar},
  journal = {Phys. Rev. E},
  volume = {76},
  issue = {3},
  pages = {036106},
  numpages = {11},
  year = {2007},
  month = {Sep},
  publisher = {American Physical Society},
  doi = {10.1103/PhysRevE.76.036106},
}



@article{TVDN:2011,
title = {Narrow scope for resolution-limit-free community detection},
author = {Traag, V. A. and Van Dooren, P. and Nesterov, Y.},
journal = {Phys. Rev. E},
volume = {84},
issue = {1},
pages = {016114},
numpages = {9},
year = {2011},
month = {Jul},
publisher = {American Physical Society},
doi = {10.1103/PhysRevE.84.016114},
}
